<record><leader>00000cas a2200000 a 4500</leader><controlfield tag="001">34174762</controlfield><controlfield tag="008">960212d18931894fluwr ne      0    0eng c</controlfield><datafield ind1=" " ind2=" " tag="010"><subfield code="a">sn 95047471 </subfield></datafield><datafield ind1=" " ind2=" " tag="040"><subfield code="a">FUG</subfield><subfield code="b">eng</subfield><subfield code="c">FUG</subfield><subfield code="d">OCLCQ</subfield><subfield code="d">OCLCO</subfield></datafield><datafield ind1=" " ind2=" " tag="012"><subfield code="i">9602</subfield></datafield><datafield ind1="1" ind2=" " tag="029"><subfield code="a">AU@</subfield><subfield code="b">000023534280</subfield></datafield><datafield ind1=" " ind2=" " tag="042"><subfield code="a">pcc</subfield></datafield><datafield ind1=" " ind2=" " tag="043"><subfield code="a">n-us-fl</subfield></datafield><datafield ind1="0" ind2=" " tag="130"><subfield code="a">Morning tribune (Tampa, Fla. : 1893 : Weekly)</subfield></datafield><datafield ind1="1" ind2="4" tag="245"><subfield code="a">The morning tribune.</subfield></datafield><datafield ind1="1" ind2="3" tag="246"><subfield code="a">Weekly tribune</subfield></datafield><datafield ind1=" " ind2=" " tag="250"><subfield code="a">Weekly ed.</subfield></datafield><datafield ind1=" " ind2=" " tag="260"><subfield code="a">Tampa, Fla. :</subfield><subfield code="b">W.F. Stovall,</subfield><subfield code="c">-1894.</subfield></datafield><datafield ind1=" " ind2=" " tag="300"><subfield code="a">1 v.</subfield></datafield><datafield ind1=" " ind2=" " tag="310"><subfield code="a">Weekly</subfield></datafield><datafield ind1="1" ind2=" " tag="362"><subfield code="a">Began in 1893.</subfield></datafield><datafield ind1="0" ind2=" " tag="362"><subfield code="a">-v. 1, no. 99 (Mar. 2, 1894).</subfield></datafield><datafield ind1=" " ind2=" " tag="515"><subfield code="a">Numbering is based on the daily ed. and increases by 6 each week through vol. 1, no. 61 (June 6, 1893).</subfield></datafield><datafield ind1=" " ind2=" " tag="588"><subfield code="a">Description based on: Vol. 1, no. 8 (Apr. 4, 1893).</subfield></datafield><datafield ind1=" " ind2="0" tag="651"><subfield code="a">Tampa (Fla.)</subfield><subfield code="v">Newspapers.</subfield></datafield><datafield ind1=" " ind2="0" tag="651"><subfield code="a">Hillsborough County</subfield><subfield code="v">Newspapers.</subfield></datafield><datafield ind1=" " ind2=" " tag="752"><subfield code="a">United States</subfield><subfield code="b">Florida</subfield><subfield code="c">Hillsborough</subfield><subfield code="d">Tampa.</subfield></datafield><datafield ind1="0" ind2=" " tag="775"><subfield code="t">Morning tribune (Tampa, Fla. : 1893 : Daily)</subfield></datafield><datafield ind1="0" ind2="5" tag="780"><subfield code="t">Polk County news (Bartow, Fla.)</subfield><subfield code="w">(DLC)sn 95026935</subfield><subfield code="w">(OCoLC)32934412</subfield></datafield><datafield ind1="0" ind2="0" tag="780"><subfield code="t">Tampa tribune (Tampa, Fla. : 1885)</subfield><subfield code="w">(DLC)sn 95047470</subfield><subfield code="w">(OCoLC)34174761</subfield></datafield><datafield ind1="0" ind2="0" tag="785"><subfield code="t">Tampa tribune (Tampa, Fla. : 1894)</subfield><subfield code="w">(DLC)sn 95047472</subfield><subfield code="w">(OCoLC)34174763</subfield></datafield><datafield ind1=" " ind2=" " tag="850"><subfield code="a">FU</subfield></datafield></record>